@article{fpga-history,
  author={S. M. {Trimberger}},
  journal={Proceedings of the IEEE}, 
  title={Three Ages of FPGAs: A Retrospective on the First Thirty Years of FPGA Technology}, 
  year={2015},
  volume={103},
  number={3},
  pages={318-331},
  doi={10.1109/JPROC.2015.2392104}
}

@article{fpga-market,
  author          = {Ankita Bhutani,Shubhangi Yadav},
  title           = {"Field Programmable Gate Array (FPGA) Market Size By Architecture (SRAM, Flash, Antifuse), By Process Technology (<28 nm, 28 nm – 90 nm, >90 nm), By Configuration (Low-range FPGA, Mid-range FPGA, High-range FPGA), By Application (Consumer Electronics, Automotive, Industrial, Communications \& Data Center, Aerospace \& Defense), Industry Analysis Report, Regional Outlook, Growth Potential, Competitive Market Share \& Forecast, 2019 – 2026"},
  journal         = {Global Market Insights},
  volume          = {},
  number          = {},
  year            = {2019}
}

@article{10.1145/3358192,
  author = {Jiang, Weiwen and Sha, Edwin H.-M. and Zhang, Xinyi and Yang, Lei and Zhuge, Qingfeng and Shi, Yiyu and Hu, Jingtong},
  title = {Achieving Super-Linear Speedup across Multi-FPGA for Real-Time DNN Inference},
  year = {2019},
  issue_date = {October 2019},
  publisher = {Association for Computing Machinery},
  address = {New York, NY, USA},
  volume = {18},
  number = {5s},
  issn = {1539-9087},
  url = {https://doi.org/10.1145/3358192},
  doi = {10.1145/3358192},
  journal = {ACM Trans. Embed. Comput. Syst.},
  month = oct,
  articleno = {67},
  numpages = {23},
  keywords = {DNN inference, FPGA, parallel computing, real-time}
}

@article{8822485,
  author={M. {Milton} and A. {Benigni} and A. {Monti}},
  journal={IEEE Transactions on Energy Conversion}, 
  title={Real-Time Multi-FPGA Simulation of Energy Conversion Systems}, 
  year={2019},
  volume={34},
  number={4},
  pages={2198-2208},
  doi={10.1109/TEC.2019.2938811}
}

@inproceedings{10.1145/3020078.3021739,
  author = {Dai, Guohao and Huang, Tianhao and Chi, Yuze and Xu, Ningyi and Wang, Yu and Yang, Huazhong},
  title = {ForeGraph: Exploring Large-Scale Graph Processing on Multi-FPGA Architecture},
  year = {2017},
  isbn = {9781450343541},
  publisher = {Association for Computing Machinery},
  address = {New York, NY, USA},
  url = {https://doi.org/10.1145/3020078.3021739},
  doi = {10.1145/3020078.3021739},
  pages = {217–226},
  numpages = {10},
  keywords = {large-scale graph processing, multi-FPGA architecture},
  location = {Monterey, California, USA},
  series = {FPGA '17}
}

@inproceedings{10.1145/3337821.3337846,
  author = {Wang, Deguang and Shen, Junzhong and Wen, Mei and Zhang, Chunyuan},
  title = {An Efficient Design Flow for Accelerating Complicated-Connected CNNs on a Multi-FPGA Platform},
  year = {2019},
  isbn = {9781450362955},
  publisher = {Association for Computing Machinery},
  address = {New York, NY, USA},
  url = {https://doi.org/10.1145/3337821.3337846},
  doi = {10.1145/3337821.3337846},
  booktitle = {Proceedings of the 48th International Conference on Parallel Processing},
  articleno = {98},
  numpages = {10},
  keywords = {multi-FPGAs, hardware acceleration, task partition, complicated-connected CNN},
  location = {Kyoto, Japan},
  series = {ICPP 2019}
}

@inproceedings{soton261305,
  booktitle = {IFIP International Conference on Very Large Scale Integration (VLSI-SOC 2005) (01/01/05)},
  title = {Multi-FPGA Synthesis with Asynchronous Communication Subsystems},
  author = {Tack Boon Yee and Mark Zwolinski and Andrew D Brown},
  year = {2005},
  keywords = {High-level synthesis, multi-FPGA systems},
  url = {https://eprints.soton.ac.uk/261305/},
}

@INPROCEEDINGS{7890234,
  author={A. {Wu} and X. {Jin} and X. {Du} and S. {Guo}},
  booktitle={2017 19th International Conference on Advanced Communication Technology (ICACT)}, 
  title={A flexible FPGA-to-FPGA communication system}, 
  year={2017},
  volume={},
  number={},
  pages={836-843},
  doi={10.23919/ICACT.2017.7890234}
}

@manual{vivado-Chip2Chip-manual,
  title        = {AXI Chip2Chip v4.2: LogiCORE IP Product Guide},
  author       = {Xilinx}, 
  year={2015},
  url = {https://www.xilinx.com/support/documentation/ip_documentation/axi_chip2chip/v4_2/pg067-axi-chip2chip.pdf},
}

@article{fpga_rtos,
author = {Paul, Rourab and Saha, Sangeet and Sau, Suman and Chakrabarti, Amlan},
year = {2012},
month = {03},
pages = {},
title = {Real time communication between multiple FPGA systems in multitasking environment using RTOS},
doi = {10.1109/ICDCSyst.2012.6188714}
}

@ARTICLE{7368920,
  author={R. {Nane} and V. {Sima} and C. {Pilato} and J. {Choi} and B. {Fort} and A. {Canis} and Y. T. {Chen} and H. {Hsiao} and S. {Brown} and F. {Ferrandi} and J. {Anderson} and K. {Bertels}},
  journal={IEEE Transactions on Computer-Aided Design of Integrated Circuits and Systems}, 
  title={A Survey and Evaluation of FPGA High-Level Synthesis Tools}, 
  year={2016},
  volume={35},
  number={10},
  pages={1591-1604},
  doi={10.1109/TCAD.2015.2513673}
}

@ARTICLE{5209959,
  author={G. {Martin} and G. {Smith}},
  journal={IEEE Design   Test of Computers}, 
  title={High-Level Synthesis: Past, Present, and Future}, 
  year={2009},
  volume={26},
  number={4},
  pages={18-25},
  doi={10.1109/MDT.2009.83}
}

@INPROCEEDINGS{707888,
author={A. A. {Duncan} and D. C. {Hendry} and P. {Gray}},
booktitle={Proceedings. IEEE Symposium on FPGAs for Custom Computing Machines (Cat. No.98TB100251)}, 
title={An overview of the COBRA-ABS high level synthesis system for multi-FPGA systems}, 
year={1998},
volume={},
number={},
pages={106-115},
doi={10.1109/FPGA.1998.707888}
}

@INPROCEEDINGS{564741,
  author={ {Isshiki} and  {Dai}},
  booktitle={1996 Proceedings IEEE Symposium on FPGAs for Custom Computing Machines}, 
  title={Bit-serial pipeline synthesis for multi-FPGA systems with C++ design capture}, 
  year={1996},
  volume={},
  number={},
  pages={38-47},
  doi={10.1109/FPGA.1996.564741}
}

@ARTICLE{820759,
  author={M. A. S. {Khalid} and J. {Rose}},
  journal={IEEE Transactions on Very Large Scale Integration (VLSI) Systems}, 
  title={A novel and efficient routing architecture for multi-FPGA systems}, 
  year={2000},
  volume={8},
  number={1},
  pages={30-39},
  doi={10.1109/92.820759}
}

@INPROCEEDINGS{8533482,
  author={A. {Vaishnav} and K. D. {Pham} and D. {Koch}},
  booktitle={2018 28th International Conference on Field Programmable Logic and Applications (FPL)}, 
  title={A Survey on FPGA Virtualization}, 
  year={2018},
  volume={},
  number={},
  pages={131-1317},
  doi={10.1109/FPL.2018.00031}
}

@ARTICLE{658564,
  author={S. {Hauck} and G. {Borriello}},
  journal={IEEE Transactions on Computer-Aided Design of Integrated Circuits and Systems}, 
  title={Pin assignment for multi-FPGA systems}, 
  year={1997},
  volume={16},
  number={9},
  pages={956-964},
  doi={10.1109/43.658564}
}

@inproceedings{10.1145/240518.240535,
  author = {Johannes, Frank M.},
  title = {Partitioning of VLSI Circuits and Systems},
  year = {1996},
  isbn = {0897917790},
  publisher = {Association for Computing Machinery},
  address = {New York, NY, USA},
  url = {https://doi.org/10.1145/240518.240535},
  doi = {10.1145/240518.240535},
  booktitle = {Proceedings of the 33rd Annual Design Automation Conference},
  pages = {83–87},
  numpages = {5},
  location = {Las Vegas, Nevada, USA},
  series = {DAC '96}
}

@INPROCEEDINGS{1585498,
  author={C. M. {Fiduccia} and R. M. {Mattheyses}},
  booktitle={19th Design Automation Conference}, 
  title={A Linear-Time Heuristic for Improving Network Partitions}, 
  year={1982},
  volume={},
  number={},
  pages={175-181},
  doi={10.1109/DAC.1982.1585498}
}
